% Main work. ext2/ext3, reiserfs, jfs, xfs
@article{ModelChecking,
 author = {Yang, Junfeng and Twohey, Paul and Engler, Dawson and Musuvathi, Madanlal},
 title = {Using Model Checking to Find Serious File System Errors},
 journal = {ACM Trans. Comput. Syst.},
 issue_date = {November 2006},
 volume = {24},
 number = {4},
 month = nov,
 year = {2006},
 issn = {0734-2071},
 pages = {393--423},
 numpages = {31},
 url = {http://doi.acm.org/10.1145/1189256.1189259},
 doi = {10.1145/1189256.1189259},
 acmid = {1189259},
 publisher = {ACM},
 address = {New York, NY, USA},
 keywords = {Model checking, crash, file system, journaling, recovery},
}

% More model checking.
% http://www.cs.columbia.edu/~junfeng/09fa-e6998/papers/explode.pdf
@inproceedings{Explode,
 author = {Yang, Junfeng and Sar, Can and Engler, Dawson},
 title = {EXPLODE: A Lightweight, General System for Finding Serious Storage System Errors},
 booktitle = {Proceedings of the 7th USENIX Symposium on Operating Systems Design and Implementation - Volume 7},
 series = {OSDI '06},
 year = {2006},
 location = {Seattle, WA},
 pages = {10--10},
 numpages = {1},
 url = {http://dl.acm.org/citation.cfm?id=1267308.1267318},
 acmid = {1267318},
 publisher = {USENIX Association},
 address = {Berkeley, CA, USA},
}

% Runtime invariant validation of ext2/3 and btrfs
@article{Recon,
 author = {Fryer, Daniel and Sun, Kuei and Mahmood, Rahat and Cheng, Tinghao and Benjamin, Shaun and Goel, Ashvin and Brown, Angela Demke},
 title = {Recon: Verifying File System Consistency at Runtime},
 journal = {Trans. Storage},
 issue_date = {November 2012},
 volume = {8},
 number = {4},
 month = dec,
 year = {2012},
 issn = {1553-3077},
 pages = {15:1--15:29},
 articleno = {15},
 numpages = {29},
 url = {http://doi.acm.org/10.1145/2385603.2385608},
 doi = {10.1145/2385603.2385608},
 acmid = {2385608},
 publisher = {ACM},
 address = {New York, NY, USA},
 keywords = {Metadata consistency, file system checker, runtime verification},
}

% ext2 fsck described in SQL, details some ext2 invariants
@inproceedings{SQCK,
 author = {Gunawi, Haryadi S. and Rajimwale, Abhishek and Arpaci-Dusseau, Andrea C. and Arpaci-Dusseau, Remzi H.},
 title = {SQCK: A Declarative File System Checker},
 booktitle = {Proceedings of the 8th USENIX Conference on Operating Systems Design and Implementation},
 series = {OSDI'08},
 year = {2008},
 location = {San Diego, California},
 pages = {131--146},
 numpages = {16},
 url = {http://dl.acm.org/citation.cfm?id=1855741.1855751},
 acmid = {1855751},
 publisher = {USENIX Association},
 address = {Berkeley, CA, USA},
}

% btrfs, short description of copy-on-write
@article{Btrfs,
 author = {Rodeh, Ohad and Bacik, Josef and Mason, Chris},
 title = {BTRFS: The Linux B-Tree Filesystem},
 journal = {Trans. Storage},
 issue_date = {August 2013},
 volume = {9},
 number = {3},
 month = aug,
 year = {2013},
 issn = {1553-3077},
 pages = {9:1--9:32},
 articleno = {9},
 numpages = {32},
 url = {http://doi.acm.org/10.1145/2501620.2501623},
 doi = {10.1145/2501620.2501623},
 acmid = {2501623},
 publisher = {ACM},
 address = {New York, NY, USA},
 keywords = {B-trees, RAID, concurrency, copy-on-write, filesystem, shadowing, snapshots},
}

% Sprite Log Structured Filesystem; checkpoints & roll-forward recovery
@article{SpriteLfs,
 author = {Rosenblum, Mendel and Ousterhout, John K.},
 title = {The Design and Implementation of a Log-structured File System},
 journal = {ACM Trans. Comput. Syst.},
 issue_date = {Feb. 1992},
 volume = {10},
 number = {1},
 month = feb,
 year = {1992},
 issn = {0734-2071},
 pages = {26--52},
 numpages = {27},
 url = {http://doi.acm.org/10.1145/146941.146943},
 doi = {10.1145/146941.146943},
 acmid = {146943},
 publisher = {ACM},
 address = {New York, NY, USA},
 keywords = {Unix, disk storage management, fast crash recovery, file system organization, file system performance, high write performance, log-structured, logging},
}

% App / POSIX data consistency
@inproceedings{PosixDataConsistency,
 author = {Pillai, Thanumalayan Sankaranarayana and Chidambaram, Vijay and Alagappan, Ramnatthan and Al-Kiswany, Samer and Arpaci-Dusseau, Andrea C. and Arpaci-Dusseau, Remzi H.},
 title = {All File Systems Are Not Created Equal: On the Complexity of Crafting Crash-consistent Applications},
 booktitle = {Proceedings of the 11th USENIX Conference on Operating Systems Design and Implementation},
 series = {OSDI'14},
 year = {2014},
 isbn = {978-1-931971-16-4},
 location = {Broomfield, CO},
 pages = {433--448},
 numpages = {16},
 url = {http://dl.acm.org/citation.cfm?id=2685048.2685082},
 acmid = {2685082},
 publisher = {USENIX Association},
 address = {Berkeley, CA, USA},
}

% Among journaling and soft updates, also log-structured stuff. Good intro to metadata consistency.
@inproceedings{JournalVsSoftUpdates,
 author = {Seltzer, Margo I. and Ganger, Gregory R. and McKusick, M. Kirk and Smith, Keith A. and Soules, Craig A. N. and Stein, Christopher A.},
 title = {Journaling Versus Soft Updates: Asynchronous Meta-data Protection in File Systems},
 booktitle = {Proceedings of the Annual Conference on USENIX Annual Technical Conference},
 series = {ATEC '00},
 year = {2000},
 location = {San Diego, California},
 pages = {6--6},
 numpages = {1},
 url = {http://dl.acm.org/citation.cfm?id=1267724.1267730},
 acmid = {1267730},
 publisher = {USENIX Association},
 address = {Berkeley, CA, USA},
} 

% Description of Ext2 journaling
@inproceedings{Ext2Journal,
 author = {Stephen C. Tweedie},
 title = {Journaling the Linux ext2fs Filesystem},
 booktitle = {In LinuxExpoâ€™98: Proceedings of The 4th Annual Linux Expo},
 year = {1998},
}

@inproceedings{SoftUpdates,
 author = {McKusick, Marshall Kirk and Ganger, Gregory R.},
 title = {Soft Updates: A Technique for Eliminating Most Synchronous Writes in the Fast Filesystem},
 booktitle = {Proceedings of the Annual Conference on USENIX Annual Technical Conference},
 series = {ATEC '99},
 year = {1999},
 location = {Monterey, California},
 pages = {24--24},
 numpages = {1},
 url = {http://dl.acm.org/citation.cfm?id=1268708.1268732},
 acmid = {1268732},
 publisher = {USENIX Association},
 address = {Berkeley, CA, USA},
}
