% Model checking of ext2/ext3, reiserfs, jfs, xfs
@article{ModelChecking,
 author = {Yang, Junfeng and Twohey, Paul and Engler, Dawson and Musuvathi, Madanlal},
 title = {Using Model Checking to Find Serious File System Errors},
 journal = {ACM Trans. Comput. Syst.},
 issue_date = {November 2006},
 volume = {24},
 number = {4},
 month = nov,
 year = {2006},
 issn = {0734-2071},
 pages = {393--423},
 numpages = {31},
 url = {http://doi.acm.org/10.1145/1189256.1189259},
 doi = {10.1145/1189256.1189259},
 acmid = {1189259},
 publisher = {ACM},
 address = {New York, NY, USA},
 keywords = {Model checking, crash, file system, journaling, recovery},
}

% More model checking.
% http://www.cs.columbia.edu/~junfeng/09fa-e6998/papers/explode.pdf
@inproceedings{Explode,
 author = {Yang, Junfeng and Sar, Can and Engler, Dawson},
 title = {EXPLODE: A Lightweight, General System for Finding Serious Storage System Errors},
 booktitle = {Proceedings of the 7th USENIX Symposium on Operating Systems Design and Implementation - Volume 7},
 series = {OSDI '06},
 year = {2006},
 location = {Seattle, WA},
 pages = {10--10},
 numpages = {1},
 url = {http://dl.acm.org/citation.cfm?id=1267308.1267318},
 acmid = {1267318},
 publisher = {USENIX Association},
 address = {Berkeley, CA, USA},
}

% Runtime invariant validation of ext2/3 and btrfs
% - modifies block layer & ext3/btrfs transaction commit code
@article{Recon,
 author = {Fryer, Daniel and Sun, Kuei and Mahmood, Rahat and Cheng, Tinghao and Benjamin, Shaun and Goel, Ashvin and Brown, Angela Demke},
 title = {Recon: Verifying File System Consistency at Runtime},
 journal = {Trans. Storage},
 issue_date = {November 2012},
 volume = {8},
 number = {4},
 month = dec,
 year = {2012},
 issn = {1553-3077},
 pages = {15:1--15:29},
 articleno = {15},
 numpages = {29},
 url = {http://doi.acm.org/10.1145/2385603.2385608},
 doi = {10.1145/2385603.2385608},
 acmid = {2385608},
 publisher = {ACM},
 address = {New York, NY, USA},
 keywords = {Metadata consistency, file system checker, runtime verification},
}

% Alternative approach to journaling/etc.
@inproceedings{ConsistencyWithoutOrdering,
 author = {Chidambaram, Vijay and Sharma, Tushar and Arpaci-Dusseau, Andrea C. and Arpaci-Dusseau, Remzi H.},
 title = {Consistency Without Ordering},
 booktitle = {Proceedings of the 10th USENIX Conference on File and Storage Technologies},
 series = {FAST'12},
 year = {2012},
 location = {San Jose, CA},
 pages = {9--9},
 numpages = {1},
 url = {http://dl.acm.org/citation.cfm?id=2208461.2208470},
 acmid = {2208470},
 publisher = {USENIX Association},
 address = {Berkeley, CA, USA},
}

% Ubifs, in case we ever need to refer to non-block filesystems.
@inproceedings{Ubifs,
 author="Schierl, Andreas
 and Schellhorn, Gerhard
 and Haneberg, Dominik
 and Reif, Wolfgang",
 editor="Cavalcanti, Ana
 and Dams, Dennis R.",
 title="Abstract Specification of the UBIFS File System for Flash Memory",
 booktitle="FM 2009: Formal Methods",
 year="2009",
 publisher="Springer Berlin Heidelberg",
 address="Berlin, Heidelberg",
 pages="190--206",
 isbn="978-3-642-05089-3",
}
